@inproceedings{oleynikova2016signed,
  title={Signed distance fields: A natural representation for both mapping and planning},
  author={Oleynikova, Helen and Millane, Alexander and Taylor, Zachary and Galceran, Enric and Nieto, Juan and Siegwart, Roland},
  booktitle={RSS 2016 Workshop: Geometry and Beyond-Representations, Physics, and Scene Understanding for Robotics},
  year={2016},
  organization={University of Michigan}
}

@article{druzhkov2011new,
  title={New object detection features in the OpenCV library},
  author={Druzhkov, PN and Erukhimov, VL and Zolotykh, N Yu and Kozinov, EA and Kustikova, VD and Meerov, IB and Polovinkin, AN},
  journal={Pattern Recognition and Image Analysis},
  volume={21},
  number={3},
  pages={384--386},
  year={2011},
  publisher={Springer}
}

@inproceedings{albawi2017understanding,
  title={Understanding of a convolutional neural network},
  author={Albawi, Saad and Mohammed, Tareq Abed and Al-Zawi, Saad},
  booktitle={2017 International Conference on Engineering and Technology (ICET)},
  pages={1--6},
  year={2017},
  organization={Ieee}
}

@inproceedings{guo2016convolutional,
  title={Convolutional neural networks for steady flow approximation},
  author={Guo, Xiaoxiao and Li, Wei and Iorio, Francesco},
  booktitle={Proceedings of the 22nd ACM SIGKDD international conference on knowledge discovery and data mining},
  pages={481--490},
  year={2016}
}

@book{eppler2012airfoil,
  title={Airfoil design and data},
  author={Eppler, Richard},
  year={2012},
  publisher={Springer Science \& Business Media}
}

@article{gunel2016comparison,
  title={Comparison of CFD and Xfoil airfoil analyses for low Reynolds number},
  author={Gunel, Onur and Ko{\c{c}}, Emre and Yavuz, Tahir},
  journal={International Journal of Energy Applications and Technologies},
  volume={3},
  number={2},
  pages={83--86},
  year={2016}
}

@article{morgado2016xfoil,
  title={XFOIL vs CFD performance predictions for high lift low Reynolds number airfoils},
  author={Morgado, J and Vizinho, R and Silvestre, MAR and P{\'a}scoa, JC},
  journal={Aerospace Science and Technology},
  volume={52},
  pages={207--214},
  year={2016},
  publisher={Elsevier}
}

@inproceedings{marten2010integration,
  title={Integration of a WT Blade Design tool in XFOIL/XFLR5},
  author={Marten, D and Pechlivanoglou, G and Nayeri, CN and Paschereit, CO},
  booktitle={10th German Wind Energy Conference (DEWEK 2010), Bremen, Germany, Nov},
  pages={17--18},
  year={2010}
}
