@book{eppler2012airfoil,
  title={Airfoil design and data},
  author={Eppler, Richard},
  year={2012},
  publisher={Springer Science \& Business Media}
}

@incollection{wang2019investigating,
  title={Investigating the Aerodynamic Performance of Biomimetic Gliders for Use in Future Transportation},
  author={Wang, Jiwei and Wang, Yiyang},
  booktitle={IRC-SET 2018},
  pages={289--307},
  year={2019},
  publisher={Springer}
}

@article{blocken2016pedestrian,
  title={Pedestrian-level wind conditions around buildings: Review of wind-tunnel and CFD techniques and their accuracy for wind comfort assessment},
  author={Blocken, Bert and Stathopoulos, Ted and Van Beeck, JPAJ},
  journal={Building and Environment},
  volume={100},
  pages={50--81},
  year={2016},
  publisher={Elsevier}
}

@article{li2006transonic,
  title={Transonic airfoil shape optimization in preliminary design environment},
  author={Li, Wu and Krist, Steven and Campbell, Richard},
  journal={Journal of aircraft},
  volume={43},
  number={3},
  pages={639--651},
  year={2006}
}
